@article{smith2018transformation,
  title={The Transformative Role of Universities in Post-Independence Nations},
  author={Smith, John and Lee, Alice},
  journal={Journal of Educational Development},
  volume={42},
  number={3},
  pages={150-165},
  year={2018},
  publisher={Elsevier}
}

@article{oconnor2020innovation,
  title={Innovation and Technological Advancement in Post-Soviet Universities},
  author={O'Connor, David and Ivanov, Sergei},
  journal={Technology in Higher Education},
  volume={35},
  number={4},
  pages={234-249},
  year={2020},
  publisher={Academic Press}
}

@book{karapetyan2019cultural,
  title={Cultural Identity and Higher Education},
  author={Karapetyan, Lilit},
  year={2019},
  publisher={University Press of Armenia}
}

@article{carter2021architectural,
  title={Architectural Impact on Academic Success and Community Engagement},
  author={Carter, Michelle},
  journal={Journal of Campus Design},
  volume={15},
  number={1},
  pages={45-60},
  year={2021},
  publisher={Campus Publishers}
}

@inproceedings{zhang2022global,
  title={Global Academic Collaborations in Science and Technology},
  author={Zhang, Wei and Tanaka, Hiroshi},
  booktitle={Proceedings of the International Conference on Global Education},
  pages={320-330},
  year={2022},
  organization={Global Education Society}
}

@article{ghazaryan2023educational,
  title={Educational Reforms and the Bologna Process at Yerevan State University},
  author={Ghazaryan, Narine},
  journal={Journal of Higher Education Policy},
  volume={51},
  number={2},
  pages={198-213},
  year={2023},
  publisher={Education Policy Press}
}
